%% LaTeX2e file `myreferences.bib'
%% generated by the `filecontents' environment
%% from source `domaci_zadatak_1' on 2022/10/16.
%%

@online{,
  year = {2012},
  title = {besti bsetetres},
  url = {http://tex.stackexchange.com/questions/69716/footnote-reference-using-european-system},
}
@online{,
  year = {2012},
  title = {besti bsetetres},
  url = {http://tex.stackexchange.com/questions/69716/footnote-reference-using-european-system},
}